@article{Allison1996,
  author={Allison, James E. and Tekawa, Irene S. and Ransom, Leslie J. and Adrain, Andrea L. and Smith, Geoffrey R.},
  title={A comparison of faecal occult blood tests for colorectal-cancer screening},
  journal={New England Journal of Medicine},
  volume={334},
  number={3},
  pages={155--160},
  year={1996}
}

@article{Safavian1991,
  author={Safavian, S. Rasoul and Landgrebe, David},
  title={A survey of decision tree classifier methodology},
  journal={IEEE Transactions on Systems, Man, and Cybernetics},
  volume={21},
  number={3},
  pages={660--674},
  year={1991}
}

@article{Cabitza2017,
  author={Cabitza, Federico and Rasoini, Raffaele and Gensini, Gian Franco},
  title={Unintended consequences of machine learning in medicine},
  journal={JAMA},
  volume={318},
  number={6},
  pages={517--518},
  year={2017}
}

@article{Suykens1999,
  author={Suykens, Johan AK and Vandewalle, Joos},
  title={Least squares support vector machine classifiers},
  journal={Neural Processing Letters},
  volume={9},
  number={3},
  pages={293--300},
  year={1999}
}

@article{Park2016,
  author={Park, Sang Hyuk and Park, ChaeSeong and Kim, Yonggoo and Han, Jeong Yeal and Park, Chan-Jeoung},
  title={Establishment of age-and gender-specific reference ranges for 36 routine and 57 cell population data items in a new automated blood cell analyzer, Sysmex XN-2000},
  journal={Annals of Laboratory Medicine},
  volume={36},
  number={3},
  pages={244--249},
  year={2016}
}

@article{Darcy2016,
  author={Darcy, Alison M. and Louie, Alan K. and Roberts, Laura Weiss},
  title={Machine learning and the profession of medicine},
  journal={JAMA},
  volume={315},
  number={6},
  pages={551--552},
  year={2016}
}

@incollection{Michalski1990,
  author={Michalski, Ryszard S. and Kodratoff, Yves},
  title={Research in machine learning: Recent progress, classification of methods, and future directions},
  booktitle={Machine Learning},
  publisher={Morgan Kaufmann},
  pages={3--30},
  year={1990}
}

@article{Jiang2011,
  author={Jiang, Min and Chen, Yu and Liu, Mengjun and Rosenbloom, S Trent and Mani, Subramani and Denny, Joshua C and Xu, Hua},
  title={A study of machine-learning-based approaches to extract clinical entities and their assertions from discharge summaries},
  journal={Journal of the American Medical Informatics Association},
  volume={18},
  number={5},
  pages={601--606},
  year={2011}
}
